%--
%B
%--

% check authors names:
@inproceedings{Bellantonio2016spatio,
  author = {Bellantonio, Marco and Haque, Mohammad A and Rodriguez, Pau and Nasrollahi, Kamal and Telve, Taisi and Escarela, Sergio and Gonzalez, Jordi and Moeslund, Thomas B and Rasti, Pejman and Anbarjafari, Gholamreza},
  title = {{Spatio-Temporal Pain Recognition in Cnn-Based Super-Resolved Facial Images}},
  booktitle = {International Workshop on Face and Facial Expression Recognition from Real World Videos},
  pages = "151--162",
  year = 2016
}

%--
%E
%--

% check authors names:
@book{Ekman1997face,
  author = {Ekman, Paul and Rosenberg, Erika L.},
  title = {{What the Face Reveals: Basic and Applied Studies of Spontaneous Expression Using the Facial Action Coding System (FACS)}},
  publisher = {Oxford University Press, USA},
  year = 1997
}

%--
%G
%--

% check authors names:
@article{Galer1997development,
  author = {Galer, Bradley S. and Jensen, Mark P.},
  title = {{Development and Preliminary Validation of a Pain Measure Specific to Neuropathic Pain the Neuropathic Pain Scale}},
  journal = {Neurology},
  volume = "48",
  number = "2",
  pages = "332--338",
  year = 1997
}

% check authors names:
@book{Giarratano1998expert,
  author = {Giarratano, Joseph C. and Riley, Gary},
  title = {{Expert Systems}},
  publisher = {PWS Publishing Co.},
  year = 1998
}

% check authors names:
@article{Gracely1988descriptor,
  author = {Gracely, Richard H. and Kwilosz, Donna M.},
  title = {{The Descriptor Differential Scale: Applying Psychophysical Principles to Clinical Pain Assessment}},
  journal = {Pain},
  volume = "35",
  number = "3",
  pages = "279--288",
  year = 1988
}

% check authors names:
@article{Gwen2007faces,
  author = {Gwen, C.L. and Marian, C. and Bartlett, Stewart and Lee, Kang},
  title = {{Faces of Pain: Automated Measurement of Spontaneous All Facial Expressions of Genuine and Posed Pain}},
  year = 2007
}

%--
%H
%--

% check authors names:
@article{Hale1997emotional,
  author = {Hale, Carla J. and Hadjistavropoulos, Thomas},
  title = {{Emotional Components of Pain}},
  journal = {Pain Research and Management},
  volume = "2",
  number = "4",
  pages = "217--225",
  year = 1997
}

%--
%L
%--

% check authors names:
@article{Lucey2011automatically,
  author = {Lucey, Patrick and Cohn, Jeffrey F. and Matthews, Iain and Lucey, Simon and Sridharan, Sridha and Howlett, Jessica and Prkachin, Kenneth M.},
  title = {{Automatically Detecting Pain in Video through Facial Action Units}},
  journal = {IEEE Transactions on Systems, Man, and Cybernetics, Part B (Cybernetics)},
  volume = "41",
  number = "3",
  pages = "664--674",
  year = 2011
}

% check authors names:
@inproceedings{Lucey2011painful,
  author = {Lucey, Patrick and Cohn, Jeffrey F. and Prkachin, Kenneth M. and Solomon, Patricia E. and Matthews, Iain},
  title = {{Painful Data: the {UNBC-McMaster} Shoulder Pain Expression Archive Database}},
  booktitle = FG,
  pages = "57--64",
  year = 2011
}

%--
%M
%--

@misc{Mccaffery1999pain,
  author = {McCaffery, M. and Pasero, C.},
  title = {{Pain: Clinical Manual. St Louis, MO: Mosby}},
  year = 1999
}

% check authors names:
@article{Melzack1975mcgill,
  author = {Melzack, Ronald},
  title = {{The {McGill} Pain Questionnaire: Major Properties and Scoring Methods}},
  journal = {Pain},
  volume = "1",
  number = "3",
  pages = "277--299",
  year = 1975
}

% check authors names:
@article{Milton2013caring,
  author = {Milton, John},
  title = {{Caring for Patients with Chronic Pain: Pearls and Pitfalls}},
  journal = {The Journal},
  volume = "113",
  number = "8",
  pages = "620",
  year = 2013
}

%--
%P
%--

% check authors names:
@article{Portenoy1996visual,
  author = {Portenoy, R.K. and Tanner, R.M.},
  title = {{Visual Analog Scale and Verbal Pain Intensity Scale: from Pain Management: Theory and Practice}},
  journal = {Oxford University Press, Inc},
  volume = "1",
  pages = "996",
  year = 1996
}

%--
%W
%--

% check authors names:
@article{Wong1996wong,
  author = {Wong, Donna Lee and Hockenberry-Eaton, M. and Wilson, D. and Winkelstein, M.L. and Schwartz, P.},
  title = {{Wong-Baker Faces Pain Rating Scale}},
  journal = {Home Health Focus},
  volume = "2",
  number = "8",
  pages = "62",
  year = 1996
}

